<?xml version="1.0" encoding="UTF-8"?><collection xmlns="http://www.loc.gov/MARC21/slim"><record><leader>00633nam--2200181-i-4500</leader><controlfield tag="001">000019788</controlfield><controlfield tag="002">20161230</controlfield><controlfield tag="005">20161230201033</controlfield><controlfield tag="008">060222s1000------------r-----000-0-eng-d</controlfield><datafield ind1=" " ind2=" " tag="040"><subfield code="a">IFIN-HH</subfield></datafield><datafield ind1=" " ind2=" " tag="080"><subfield code="a">519.21</subfield></datafield><datafield ind1="1" ind2=" " tag="100"><subfield code="a">Harper, W. L</subfield></datafield><datafield ind1="1" ind2="0" tag="245"><subfield code="a">Foundations of probability theory statistical inference, and statistical theory science. iii.foundations and philosophy of statistical theories in the physical sciences</subfield><subfield code="c">W.L. Harper ; C.A. Hooker (Editors)</subfield></datafield><datafield ind1=" " ind2=" " tag="260"><subfield code="a">Dordrecht-holland/Boston, D.Reidel Publishing Company, 1973</subfield></datafield><datafield ind1=" " ind2=" " tag="300"><subfield code="a">241 p</subfield></datafield><datafield ind1=" " ind2=" " tag="700"><subfield code="a">Hooper, C.A</subfield></datafield><datafield ind1=" " ind2=" " tag="852"><subfield code="a">46716</subfield></datafield><datafield ind1=" " ind2=" " tag="CAT"><subfield code="a">Sys</subfield><subfield code="c">20100604</subfield><subfield code="h">125145</subfield></datafield></record></collection>